
%Entries

@Book{Hfda,
  author =       "Michael Milton",
  title =        "Head First Data Analysis",
  publisher =    "O'Reilly Media, Inc.",
  year =         "2009",
  ISBN =         "9780596153939",
  address =      "1005 Gravenstein Hwy N, Sebastopol, CA",
  url =          "https://www.oreilly.com/library/view/head-first-data/9780596806224/"
}

@misc{LtsReleases,
  author =       "wiki.ubuntu.com",
  year =         "2023",
  month =        dec,
  title =        "Releases",
  lastaccessed = "December 16, 2023",
  url =          "https://wiki.ubuntu.com/Releases",
}

@misc{PuLP,
  author =       "J.S. Roy, Stuart A. Mitchell, F. Peschiera",
  year =         "2003-2005",
  title =        "PuLP -  LP modeler written in python",
  url =          "https://pypi.org/project/PuLP/"
}

@misc{DockerUbuntu,
  title =        "Ubuntu Linux Docker image",
  author =       "Canonical",
  url =          "https://hub.docker.com/_/ubuntu",
  year =         "2024"
}

@misc{Solver,
  title =        "Excel Solver",
  author =       "Frontline Systems, Inc",
  year =         "2024",
  url =          "https://www.solver.com"
}

@misc{LaTeX,
  title =        "LaTeX â€“ A document preparation system",
  author =       "LaTeX project team",
  year =         "2024",
  url =          "https://www.latex-project.org"
}

@misc{Make,
  title =        "GNU Make",
  author =       "Free Software Foundation, Inc.",
  year =         "2023",
  url =          "https://www.gnu.org/software/make/"
}

@ArtifactSoftware{Python,
    title = {Python.org},
    author = {{Python Software Foundation}},
    organization = {Python Software Foundation},
    address = {Fredericksburg, Virginia},
    year = {2024},
    url = {https://www.python.org},
}

@ArtifactSoftware{Docker,
    title = {Docker.com},
    author = {{Docker Inc.}},
    organization = {Docker Inc.},
    address = {Palo Alto, CA},
    year = {2024},
    url = {https://www.docker.com},
}

@ArtifactDataset{BathingFriendsUnlimited,
 author    =  {Michael Milton},
 title     =  {Bathing Friends Unlimited},
 organization = "O'Reilly Media, Inc.",
 year      = 2017,
 url       ={https://resources.oreilly.com/examples/9780596153946/-/blob/master/hfda_data/bathing_friends_unlimited.xls},
 lastaccessed = {2017}
}

@ArtifactDataset{HistoricalSalesData,
 author    =  {Michael Milton},
 title     =  {Historical Sales Data},
organization = "O'Reilly Media, Inc.",
 year      = 2017,
 url       ={https://resources.oreilly.com/examples/9780596153946/-/blob/master/hfda_data/historical_sales_data.xls},
 lastaccessed = {2017}
}